@book{Bibtex2010,
  author = {Thomas, Riffel},
  year   = {2010},
  title  = {Bibtex - Free Bibtex Software}
}

@misc{hoffmann2022training,
  title         = {Training Compute-Optimal Large Language Models},
  author        = {Jordan Hoffmann and Sebastian Borgeaud and Arthur Mensch and Elena Buchatskaya and Trevor Cai and Eliza Rutherford and Diego de Las Casas and Lisa Anne Hendricks and Johannes Welbl and Aidan Clark and Tom Hennigan and Eric Noland and Katie Millican and George van den Driessche and Bogdan Damoc and Aurelia Guy and Simon Osindero and Karen Simonyan and Erich Elsen and Jack W. Rae and Oriol Vinyals and Laurent Sifre},
  year          = {2022},
  eprint        = {2203.15556},
  archiveprefix = {arXiv},
  primaryclass  = {cs.CL}
}

@misc{mahmood2022data,
  title         = {How Much More Data Do I Need? Estimating Requirements for Downstream Tasks},
  author        = {Rafid Mahmood and James Lucas and David Acuna and Daiqing Li and Jonah Philion and Jose M. Alvarez and Zhiding Yu and Sanja Fidler and Marc T. Law},
  year          = {2022},
  eprint        = {2207.01725},
  archiveprefix = {arXiv},
  primaryclass  = {cs.CV}
}

@misc{sorscher2023neural,
  title         = {Beyond neural scaling laws: beating power law scaling via data pruning},
  author        = {Ben Sorscher and Robert Geirhos and Shashank Shekhar and Surya Ganguli and Ari S. Morcos},
  year          = {2023},
  eprint        = {2206.14486},
  archiveprefix = {arXiv},
  primaryclass  = {cs.LG}
}

@misc{alabdulmohsin2022revisiting,
  title         = {Revisiting Neural Scaling Laws in Language and Vision},
  author        = {Ibrahim Alabdulmohsin and Behnam Neyshabur and Xiaohua Zhai},
  year          = {2022},
  eprint        = {2209.06640},
  archiveprefix = {arXiv},
  primaryclass  = {cs.LG}
}

@misc{hutter2021learning,
  title         = {Learning Curve Theory},
  author        = {Marcus Hutter},
  year          = {2021},
  eprint        = {2102.04074},
  archiveprefix = {arXiv},
  primaryclass  = {cs.LG}
}

@misc{rosenfeld2019constructive,
  title         = {A Constructive Prediction of the Generalization Error Across Scales},
  author        = {Jonathan S. Rosenfeld and Amir Rosenfeld and Yonatan Belinkov and Nir Shavit},
  year          = {2019},
  eprint        = {1909.12673},
  archiveprefix = {arXiv},
  primaryclass  = {cs.LG}
}

@book{Goodfellowetal2016,
  title     = {Deep Learning},
  author    = {Ian Goodfellow and Yoshua Bengio and Aaron Courville},
  publisher = {MIT Press},
  year      = {2016}
}

@book{Bishop2006PatternRecog,
  author    = {Bishop, Christopher M.},
  title     = {Pattern Recognition and Machine Learning (Information Science and Statistics)},
  year      = {2006},
  isbn      = {0387310738},
  publisher = {Springer-Verlag},
  address   = {Berlin, Heidelberg}
}

@misc{hestness2017deep,
  title         = {Deep Learning Scaling is Predictable, Empirically},
  author        = {Joel Hestness and Sharan Narang and Newsha Ardalani and Gregory Diamos and Heewoo Jun and Hassan Kianinejad and Md. Mostofa Ali Patwary and Yang Yang and Yanqi Zhou},
  year          = {2017},
  eprint        = {1712.00409},
  archiveprefix = {arXiv},
  primaryclass  = {cs.LG}
}

@book{fisher_1935,
  address   = {Edinburgh},
  author    = {Fisher, R.A.},
  journal   = {Oliver \& Boyd Edinburgh, Scotland},
  publisher = {Oliver and Boyd},
  title     = {{The design of experiments. 1935}},
  year      = 1935
}

@book{myers2009response,
  title     = {Response Surface Methodology: Process and Product Optimization Using Designed Experiments},
  author    = {Myers, R.H. and Montgomery, D.C. and Anderson-Cook, C.M.},
  isbn      = {9780470174463},
  lccn      = {2008019012},
  series    = {Wiley Series in Probability and Statistics},
  url       = {https://books.google.de/books?id=89oznEFHF\_MC},
  year      = {2009},
  publisher = {Wiley}
}

@book{Goos_Jones_optDoE_2011,
  author  = {Goos, Peter and Jones, Bradley},
  year    = {2011},
  month   = {06},
  pages   = {},
  title   = {Optimal Design of Experiments: A Case-Study Approach},
  isbn    = {9780470744611},
  journal = {Optimal Design of Experiments: A Case Study Approach},
  doi     = {10.1002/9781119974017}
}

@article{gomes_hal_spacefilling_mixtures,
  title     = {Space-filling designs for mixtures},
  author    = {Gomes, C. and Claeys-Bruno, M. and Sergent, M.},
  url       = {https://amu.hal.science/hal-02079830},
  journal   = {{Chemometrics and Intelligent Laboratory Systems}},
  publisher = {{Elsevier}},
  volume    = {174},
  pages     = {111-127},
  year      = {2018},
  month     = Mar,
  doi       = {10.1016/j.chemolab.2018.01.013}
}

@book{Nist_2012_eng_stats,
  author = {NIST/SEMATECH},
  year   = {2012},
  title  = {e-Handbook of Statistical Methods},
  doi    = {10.18434/M32189}
}

@misc{sun2017revisiting,
  title         = {Revisiting Unreasonable Effectiveness of Data in Deep Learning Era},
  author        = {Chen Sun and Abhinav Shrivastava and Saurabh Singh and Abhinav Gupta},
  year          = {2017},
  eprint        = {1707.02968},
  archiveprefix = {arXiv},
  primaryclass  = {cs.CV}
}

@misc{cho2016data,
  title         = {How much data is needed to train a medical image deep learning system to achieve necessary high accuracy?},
  author        = {Junghwan Cho and Kyewook Lee and Ellie Shin and Garry Choy and Synho Do},
  year          = {2016},
  eprint        = {1511.06348},
  archiveprefix = {arXiv},
  primaryclass  = {cs.LG}
}

@book{fedorov1972theory,
  title     = {Theory of Optimal Experiments},
  author    = {Fedorov, V.V.},
  isbn      = {9780122507502},
  lccn      = {76182610},
  series    = {Cellular Neurobiology},
  url       = {https://books.google.de/books?id=PpUIwgEACAAJ},
  year      = {1972},
  publisher = {Academic Press}
}

@article{Cifar10,
  title    = {CIFAR-10 (Canadian Institute for Advanced Research)},
  journal  = {},
  author   = {Alex Krizhevsky and Vinod Nair and Geoffrey Hinton},
  year     = {},
  url      = {http://www.cs.toronto.edu/~kriz/cifar.html},
  keywords = {Dataset},
  terms    = {}
}

@article{pytorch,
  author     = {Adam Paszke and
                Sam Gross and
                Francisco Massa and
                Adam Lerer and
                James Bradbury and
                Gregory Chanan and
                Trevor Killeen and
                Zeming Lin and
                Natalia Gimelshein and
                Luca Antiga and
                Alban Desmaison and
                Andreas K{\"{o}}pf and
                Edward Z. Yang and
                Zach DeVito and
                Martin Raison and
                Alykhan Tejani and
                Sasank Chilamkurthy and
                Benoit Steiner and
                Lu Fang and
                Junjie Bai and
                Soumith Chintala},
  title      = {PyTorch: An Imperative Style, High-Performance Deep Learning Library},
  journal    = {CoRR},
  volume     = {abs/1912.01703},
  year       = {2019},
  url        = {http://arxiv.org/abs/1912.01703},
  eprinttype = {arXiv},
  eprint     = {1912.01703},
  timestamp  = {Tue, 02 Nov 2021 15:18:32 +0100},
  biburl     = {https://dblp.org/rec/journals/corr/abs-1912-01703.bib},
  bibsource  = {dblp computer science bibliography, https://dblp.org}
}

@misc{he2015resnet,
  title         = {Deep Residual Learning for Image Recognition},
  author        = {Kaiming He and Xiangyu Zhang and Shaoqing Ren and Jian Sun},
  year          = {2015},
  eprint        = {1512.03385},
  archiveprefix = {arXiv},
  primaryclass  = {cs.CV}
}

@misc{cohen2017emnist,
  title         = {EMNIST:an extension of MNIST to handwritten letters},
  author        = {Gregory Cohen and Saeed Afshar and Jonathan Tapson and Andre van Schaik},
  year          = {2017},
  eprint        = {1702.05373},
  archiveprefix = {arXiv},
  primaryclass  = {cs.CV}
}

@article{Figueroa2012PredictingSampleSizeForClass,
  author  = {Figueroa, Rosa and Zeng-Treitler, Qing and Kandula, Sasikiran and Ngo, Long},
  year    = {2012},
  month   = {02},
  pages   = {8},
  title   = {Predicting sample size required for classification performance},
  volume  = {12},
  journal = {BMC medical informatics and decision making},
  doi     = {10.1186/1472-6947-12-8}
}

@misc{howard2019mobilenetv3,
  title         = {Searching for MobileNetV3},
  author        = {Andrew Howard and Mark Sandler and Grace Chu and Liang-Chieh Chen and Bo Chen and Mingxing Tan and Weijun Wang Yukun Zhu RuomingPang2 and Vijay Vasudevan and QuocV. Le and Hartwig Adam},
  year          = {2019},
  eprint        = {1905.02244},
  archiveprefix = {arXiv},
  primaryclass  = {cs.CV}
}

@ARTICLE{2020SciPy,
  author  = {Virtanen, Pauli and Gommers, Ralf and Oliphant, Travis E. and
            Haberland, Matt and Reddy, Tyler and Cournapeau, David and
            Burovski, Evgeni and Peterson, Pearu and Weckesser, Warren and
            Bright, Jonathan and {van der Walt}, St{\'e}fan J. and
            Brett, Matthew and Wilson, Joshua and Millman, K. Jarrod and
            Mayorov, Nikolay and Nelson, Andrew R. J. and Jones, Eric and
            Kern, Robert and Larson, Eric and Carey, C J and
            Polat, {\.I}lhan and Feng, Yu and Moore, Eric W. and
            {VanderPlas}, Jake and Laxalde, Denis and Perktold, Josef and
            Cimrman, Robert and Henriksen, Ian and Quintero, E. A. and
            Harris, Charles R. and Archibald, Anne M. and
            Ribeiro, Ant{\^o}nio H. and Pedregosa, Fabian and
            {van Mulbregt}, Paul and {SciPy 1.0 Contributors}},
  title   = {{{SciPy} 1.0: Fundamental Algorithms for Scientific
            Computing in Python}},
  journal = {Nature Methods},
  year    = {2020},
  volume  = {17},
  pages   = {261--272},
  adsurl  = {https://rdcu.be/b08Wh},
  doi     = {10.1038/s41592-019-0686-2},
}


@book{GeneralizedLinearModels,
  title     = {Generalized Linear Models},
  author    = {P. McCullagh and J. A. Nelder},
  publisher = {Chapman and Hall},
  year      = {1989}
}